

@article{UnitSystem,
      author         = "Pisano, F. and Reis, N. O.",
      title          = "{Natural units, numbers and numerical clusters}",
      year           = "2001",
      eprint         = "hep-ph/0112097",
      archivePrefix  = "arXiv",
      primaryClass   = "hep-ph",
      SLACcitation   = "%%CITATION = HEP-PH/0112097;%%"
}

@inproceedings{SM,
      author         = "Pich, Antonio",
      title          = "{The Standard model of electroweak interactions}",
      booktitle      = "{The Standard model of electroweak interactions}",
      url            = "http://doc.cern.ch/yellowrep/2007/2007-005/cern-2007-005.pdf",
      year           = "2008",
      pages          = "1-49",
      note           = "[,1(2007)]",
      eprint         = "0705.4264",
      archivePrefix  = "arXiv",
      primaryClass   = "hep-ph",
      reportNumber   = "IFIC-07-27, FTUV-07-0529, CERN-2008-004",
      SLACcitation   = "%%CITATION = ARXIV:0705.4264;%%"
}

@article{Weinberg,
  title = {Effects of a Neutral Intermediate Boson in Semileptonic Processes},
  author = {Weinberg, Steven},
  journal = {Phys. Rev. D},
  volume = {5},
  issue = {6},
  pages = {1412--1417},
  numpages = {0},
  year = {1972},
  month = {Mar},
  publisher = {American Physical Society},
  doi = {10.1103/PhysRevD.5.1412},
  url = {https://link.aps.org/doi/10.1103/PhysRevD.5.1412}
}

@article{Weinberg2,
  title = {A Model of Leptons},
  author = {Weinberg, Steven},
  journal = {Phys. Rev. Lett.},
  volume = {19},
  issue = {21},
  pages = {1264--1266},
  numpages = {0},
  year = {1967},
  month = {Nov},
  publisher = {American Physical Society},
  doi = {10.1103/PhysRevLett.19.1264},
  url = {https://link.aps.org/doi/10.1103/PhysRevLett.19.1264}
}



@article{Salam,
title = "Electromagnetic and weak interactions",
journal = "Physics Letters",
volume = "13",
number = "2",
pages = "168 - 171",
year = "1964",
issn = "0031-9163",
doi = "https://doi.org/10.1016/0031-9163(64)90711-5",
url = "http://www.sciencedirect.com/science/article/pii/0031916364907115",
author = "A. Salam and J.C. Ward"
}

@article{Confinement,
  title = {Confinement of quarks},
  author = {Wilson, Kenneth G.},
  journal = {Phys. Rev. D},
  volume = {10},
  issue = {8},
  pages = {2445--2459},
  numpages = {0},
  year = {1974},
  month = {Oct},
  publisher = {American Physical Society},
  doi = {10.1103/PhysRevD.10.2445},
  url = {https://link.aps.org/doi/10.1103/PhysRevD.10.2445}
}


@article{Glashow,
title = "Partial-symmetries of weak interactions",
journal = "Nuclear Physics",
volume = "22",
number = "4",
pages = "579 - 588",
year = "1961",
issn = "0029-5582",
doi = "https://doi.org/10.1016/0029-5582(61)90469-2",
url = "http://www.sciencedirect.com/science/article/pii/0029558261904692",
author = "Sheldon L. Glashow"
}
@article{Einstein,
      author         = "Einstein, Albert",
      title          = "{The Foundation of the General Theory of Relativity}",
      journal        = "Annalen Phys.",
      volume         = "49",
      year           = "1916",
      number         = "7",
      pages          = "769-822",
      doi            = "10.1002/andp.200590044, 10.1002/andp.19163540702",
      note           = "[,65(1916)]",
      SLACcitation   = "%%CITATION = ANPYA,49,769;%%"
}


@article{Higgs1,
  title = {Broken Symmetries and the Masses of Gauge Bosons},
  author = {Higgs, Peter W.},
  journal = {Phys. Rev. Lett.},
  volume = {13},
  issue = {16},
  pages = {508--509},
  numpages = {0},
  year = {1964},
  month = {Oct},
  publisher = {American Physical Society},
  doi = {10.1103/PhysRevLett.13.508},
  url = {https://link.aps.org/doi/10.1103/PhysRevLett.13.508}
}


@article{Higgs2,
  title = {Broken Symmetry and the Mass of Gauge Vector Mesons},
  author = {Englert, F. and Brout, R.},
  journal = {Phys. Rev. Lett.},
  volume = {13},
  issue = {9},
  pages = {321--323},
  numpages = {0},
  year = {1964},
  month = {Aug},
  publisher = {American Physical Society},
  doi = {10.1103/PhysRevLett.13.321},
  url = {https://link.aps.org/doi/10.1103/PhysRevLett.13.321}
}


@article{Higgs3,
  title = {Global Conservation Laws and Massless Particles},
  author = {Guralnik, G. S. and Hagen, C. R. and Kibble, T. W. B.},
  journal = {Phys. Rev. Lett.},
  volume = {13},
  issue = {20},
  pages = {585--587},
  numpages = {0},
  year = {1964},
  month = {Nov},
  publisher = {American Physical Society},
  doi = {10.1103/PhysRevLett.13.585},
  url = {https://link.aps.org/doi/10.1103/PhysRevLett.13.585}
}
