@Misc{SM_graphic,
  author = {MissMj},
  title =  {https://commons.wikimedia.org/w/index.php?curid=11307906},
  note =   {[Online; Stand 27. Juni 2016]},
  url =    {https://commons.wikimedia.org/w/index.php?curid=11307906}
}


@Inbook{Povh2014,
author="Povh, Bogdan
and Rith, Klaus
and Scholz, Christoph
and Zetsche, Frank
and Rodejohann, Werner",
title="Das Standardmodell",
bookTitle="Teilchen und Kerne: Eine Einf{\"u}hrung in die physikalischen Konzepte",
year="2014",
publisher="Springer Berlin Heidelberg",
address="Berlin, Heidelberg",
pages="205--209",
isbn="978-3-642-37822-5",
doi="10.1007/978-3-642-37822-5_13",
url="http://dx.doi.org/10.1007/978-3-642-37822-5_13"
}

@Inbook{Hauschild2016,
author="Hauschild, Michael",
title="Ein bisschen Physik -- das Standardmodell",
bookTitle="Neustart des LHC: CERN und die Beschleuniger: Die Weltmaschine anschaulich erkl{\"a}rt",
year="2016",
publisher="Springer Fachmedien Wiesbaden",
address="Wiesbaden",
pages="19--26",
isbn="978-3-658-13479-2",
doi="10.1007/978-3-658-13479-2_3",
url="http://dx.doi.org/10.1007/978-3-658-13479-2_3"
}


@Inbook{Berger2014,
author="Berger, Christoph",
title="Das Standard-Modell",
bookTitle="Elementarteilchenphysik: Von den Grundlagen zu den modernen Experimenten",
year="2014",
publisher="Springer Berlin Heidelberg",
address="Berlin, Heidelberg",
pages="409--502",
isbn="978-3-642-41753-5",
doi="10.1007/978-3-642-41753-5_7",
url="http://dx.doi.org/10.1007/978-3-642-41753-5_7"
}


@Inbook{Knochel2016,
author="Knochel, Alexander",
title="Einige Modelle und Theorien",
bookTitle="Neustart des LHC: neue Physik: Die Teilchenphysik hinter der Weltmaschine anschaulich erkl{\"a}rt",
year="2016",
publisher="Springer Fachmedien Wiesbaden",
address="Wiesbaden",
pages="39--52",
isbn="978-3-658-13907-0",
doi="10.1007/978-3-658-13907-0_5",
url="http://dx.doi.org/10.1007/978-3-658-13907-0_5"
}


@article{1748-0221-3-08-S08001,
  author={Lyndon Evans and Philip Bryant},
  title={LHC Machine},
  journal={Journal of Instrumentation},
  volume={3},
  number={08},
  pages={S08001},
  url={http://stacks.iop.org/1748-0221/3/i=08/a=S08001},
  year={2008},
  abstract={The Large Hadron Collider (LHC) at CERN near Geneva is the world's newest and most powerful tool for Particle Physics research. It is designed to collide proton beams with a centre-of-mass energy of 14 TeV and an unprecedented luminosity of 10 34 cm −2 s −1 . It can also collide heavy (Pb) ions with an energy of 2.8 TeV per nucleon and a peak luminosity of 10 27 cm −2 s −1 . In this paper, the machine design is described.}
}



@Misc{LHC1,
  author = {CERN Press office},
  title =  {The 2016 physics season starts at the LHC},
  note =   {[Online; Stand 27. Juni 2016]},
  url =    {http://press.cern/press-releases/2016/05/2016-physics-season-starts-lhc}
}@Misc{LHC2,
  author = {CERN Press office},
  title =  {LHC Season 2: facts \& figures},
  note =   {[Online; Stand 27. Juni 2016]},
  url =    {http://press.cern/backgrounders/lhc-season-2-facts-figures}
}




@unpublished{Jean-Luc:841555,
      author        = "Jean-Luc Caron",
      title         = "{Overall view of LHC experiments.. Vue d'ensemble des
                       experiences du LHC.}",
      month         = "May",
      year          = "1998",
      reportNumber  = "LHC-PHO-1998-349",
      url           = "https://cds.cern.ch/record/841555",
      note          = "AC Collection. Legacy of AC. Pictures from 1992 to 2002.",
}





}@Misc{LHC_cms,
  author = {lhc-facts.ch},
  title =  {LHC facts-CMS},
  note =   {[Online; Stand 28. Juni 2016]},
  url =    {http://www.lhc-facts.ch/index.php?page=cms}
}}
@Misc{LHC_cms2,
  author = {Lucas Taylor},
  title =  {Muon Detectors},
  note =   {[Online; Stand 28. Juni 2016]},
  url =    {http://cms.web.cern.ch/news/muon-detectors}
}
@Misc{LHC_cms3,
  author = {Lucas Taylor},
  title =  {Electromagnetic Calorimeter},
  note =   {[Online; Stand 09. Juli 2016]},
  url =    {http://cms.web.cern.ch/news/electromagnetic-calorimeter}
}

@article{1126-6708-2008-04-063,
  author={Matteo Cacciari and Gavin P. Salam and Gregory Soyez},
  title={The anti- k t jet clustering algorithm},
  journal={Journal of High Energy Physics},
  volume={2008},
  number={04},
  pages={063},
  url={http://stacks.iop.org/1126-6708/2008/i=04/a=063},
  year={2008},
  abstract={The k t and Cambridge/Aachen inclusive jet finding algorithms for hadron-hadron collisions can be seen as belonging to a broader class of sequential recombination jet algorithms, parametrised by the power of the energy scale in the distance measure. We examine some properties of a new member of this class, for which the power is negative. This ``anti- k t '' algorithm essentially behaves like an idealised cone algorithm, in that jets with only soft fragmentation are conical, active and passive areas are equal, the area anomalous dimensions are zero, the non-global logarithms are those of a rigid boundary and the Milan factor is universal. None of these properties hold for existing sequential recombination algorithms, nor for cone algorithms with split-merge steps, such as SISCone. They are however the identifying characteristics of the collinear unsafe plain ``iterative cone'' algorithm, for which the anti- k t algorithm provides a natural, fast, infrared and collinear safe replacement.}
}
	
	
	
@inproceedings{Beaudette:2014cea,
      author         = "Beaudette, Florian",
      title          = "{The CMS Particle Flow Algorithm}",
      booktitle      = "{Proceedings, International Conference on Calorimetry for
                        the High Energy Frontier (CHEF 2013)}",
      collaboration  = "CMS",
      year           = "2013",
      url            = "https://inspirehep.net/record/1279774/files/arXiv:1401.8155.pdf",
      pages          = "295-304",
      eprint         = "1401.8155",
      archivePrefix  = "arXiv",
      primaryClass   = "hep-ex",
      SLACcitation   = "%%CITATION = ARXIV:1401.8155;%%"
}


@article{Gori:2014xea,
      author         = "Gori, Valentina",
      title          = "{The CMS High Level Trigger}",
      booktitle      = "{Proceedings, 33rd International Symposium on Physics in
                        Collision (PIC 2013)}",
      journal        = "Int. J. Mod. Phys. Conf. Ser.",
      volume         = "31",
      year           = "2014",
      pages          = "1460297",
      doi            = "10.1142/S201019451460297X",
      eprint         = "1403.1500",
      archivePrefix  = "arXiv",
      primaryClass   = "physics.ins-det",
      SLACcitation   = "%%CITATION = ARXIV:1403.1500;%%"
}




}@Misc{CMS1,
  author = {UCLA Physics Dept},
  title =  {CMS detector -Perspective view},
  note =   {[Online; Stand 27. Juni 2016]},
  url =    {http://www-collider.physics.ucla.edu/cms/CMS_3D_Detector_50.gif}
}



@article{1748-0221-3-08-S08004,
  author={The CMS Collaboration, S Chatrchyan et al.},
  title={The CMS experiment at the CERN LHC},
  journal={Journal of Instrumentation},
  volume={3},
  number={08},
  pages={S08004},
  url={http://stacks.iop.org/1748-0221/3/i=08/a=S08004},
  year={2008},
}


@techreport{CMS-PAS-SUS-15-011,
      title         = "{Search for new  physics in final states with two
                       opposite-sign same-flavor leptons, jets and missing
                       transverse momentum in pp collisions at sqrt(s)=13 TeV}",
      institution   = "CERN",
      collaboration = "CMS Collaboration",
      address       = "Geneva",
      number        = "CMS-PAS-SUS-15-011",
      year          = "2015",
      reportNumber  = "CMS-PAS-SUS-15-011",
      url           = "https://cds.cern.ch/record/2114811",
}


@misc{lukas_regions,
title= "Privater Austausch",
author="Lukas Simon"
}


@MastersThesis{Schall2012,
  author =       {Schall, Melissa and Feld, Lutz},
  title =        {{Vergleich der Effizienzen f{\"u}r Elektronen und Myonen in Dilepton-Ereignissen am CMS-Experiment bei $\sqrt{s}=8\TeV$}},
  school =       {{RWTH Aachen University}},
  year =         {2012},
  note =         {Juli 2012},
}


@article{Chatrchyan:2012xdj,
      author         = "Chatrchyan, Serguei and others",
      title          = "{Observation of a new boson at a mass of 125 GeV with the
                        CMS experiment at the LHC}",
      collaboration  = "CMS",
      journal        = "Phys. Lett.",
      volume         = "B716",
      year           = "2012",
      pages          = "30-61",
      doi            = "10.1016/j.physletb.2012.08.021",
      eprint         = "1207.7235",
      archivePrefix  = "arXiv",
      primaryClass   = "hep-ex",
      reportNumber   = "CMS-HIG-12-028, CERN-PH-EP-2012-220",
      SLACcitation   = "%%CITATION = ARXIV:1207.7235;%%"
}

@article{Higgs:1964ia,
      author         = "Higgs, Peter W.",
      title          = "{Broken symmetries, massless particles and gauge fields}",
      journal        = "Phys. Lett.",
      volume         = "12",
      year           = "1964",
      pages          = "132-133",
      doi            = "10.1016/0031-9163(64)91136-9",
      SLACcitation   = "%%CITATION = PHLTA,12,132;%%"
}

@techreport{Weiser:927399,
      author        = "Weiser, Christian",
      title         = "{A Combined Secondary Vertex Based B-Tagging Algorithm in
                       CMS}",
      institution   = "CERN",
      address       = "Geneva",
      number        = "CMS-NOTE-2006-014",
      month         = "Jan",
      year          = "2006",
      reportNumber  = "CMS-NOTE-2006-014",
      url           = "http://cds.cern.ch/record/927399",
}



@article{geant4,
title = "{Geant4 - a simulation toolkit }",
journal = "Nuclear Instruments and Methods in Physics Research Section A: Accelerators, Spectrometers, Detectors and Associated Equipment ",
volume = "506",
number = "3",
pages = "250 - 303",
year = "2003",
note = "",
issn = "0168-9002",
doi = "http://dx.doi.org/10.1016/S0168-9002(03)01368-8",
url = "http://www.sciencedirect.com/science/article/pii/S0168900203013688",
author = "S. Agostinelli et al.",
keywords = "Simulation",
keywords = "Particle interactions",
keywords = "Geometrical modelling",
keywords = "Software engineering",
keywords = "Object-oriented technology",
keywords = "Distributed software development "
}

@article{powheg,
      author         = "Oleari, Carlo",
      title          = "{The POWHEG-BOX}",
      booktitle      = "{Proceedings,  10th DESY Workshop on Elementary Particle
                        Theory: Loops and Legs in Quantum Field Theory}",
      journal        = "Nucl. Phys. Proc. Suppl.",
      volume         = "205-206",
      year           = "2010",
      pages          = "36-41",
      doi            = "10.1016/j.nuclphysbps.2010.08.016",
      eprint         = "1007.3893",
      archivePrefix  = "arXiv",
      primaryClass   = "hep-ph",
      SLACcitation   = "%%CITATION = ARXIV:1007.3893;%%"
}
@article{madgraph,
      author         = "Alwall, Johan and Herquet, Michel and Maltoni, Fabio and
                        Mattelaer, Olivier and Stelzer, Tim",
      title          = "{MadGraph 5 : Going Beyond}",
      journal        = "JHEP",
      volume         = "06",
      year           = "2011",
      pages          = "128",
      doi            = "10.1007/JHEP06(2011)128",
      eprint         = "1106.0522",
      archivePrefix  = "arXiv",
      primaryClass   = "hep-ph",
      reportNumber   = "FERMILAB-PUB-11-448-T",
      SLACcitation   = "%%CITATION = ARXIV:1106.0522;%%"
}
@article{pythia,
      author         = "Sjostrand, Torbjorn and Mrenna, Stephen and Skands, Peter
                        Z.",
      title          = "{A Brief Introduction to PYTHIA 8.1}",
      journal        = "Comput. Phys. Commun.",
      volume         = "178",
      year           = "2008",
      pages          = "852-867",
      doi            = "10.1016/j.cpc.2008.01.036",
      eprint         = "0710.3820",
      archivePrefix  = "arXiv",
      primaryClass   = "hep-ph",
      reportNumber   = "CERN-LCGAPP-2007-04, LU-TP-07-28,
                        FERMILAB-PUB-07-512-CD-T",
      SLACcitation   = "%%CITATION = ARXIV:0710.3820;%%"
}
  	
@article{fastsim,
  author={Andrea Giammanco},
  title={The Fast Simulation of the CMS Experiment},
  journal={Journal of Physics: Conference Series},
  volume={513},
  number={2},
  pages={022012},
  url={http://stacks.iop.org/1742-6596/513/i=2/a=022012},
  year={2014},
  abstract={The CMS collaboration has developed a fast Monte Carlo simulation of the CMS detector with event production rates ~ 100 times faster than the GEANT4-based simulation ("full simulation"), with nonetheless comparable accuracy for most of the physics objects typically considered in the analyses. We discuss basic technical principles of the CMS Fast Simulation and their implementation in the different components of the detector, and we illustrate the most recent developments towards a tighter integration with the full simulation and a better flexibility.}
}
	
	
@Misc{HLT2016,
  author = {Andrea Bocci},
  title  = {The Trigger of the CMS Experiment},
  month  = {Februar},
  year   = {2016},
  url    = {https://twiki.cern.ch/twiki/pub/CMSPublic/TriggerStudiesTalks/CMS_trigger.pdf},
}

@article{Khachatryan:2016fll,
      author         = "Khachatryan, Vardan and others",
      title          = "{Search for new physics in final states with two
                        opposite-sign, same-flavor leptons, jets, and missing
                        transverse momentum in pp collisions at sqrt(s) = 13 TeV}",
      collaboration  = "CMS",
      year           = "2016",
      eprint         = "1607.00915",
      archivePrefix  = "arXiv",
      primaryClass   = "hep-ex",
      reportNumber   = "CMS-SUS-15-011, CERN-EP-2016-132",
      SLACcitation   = "%%CITATION = ARXIV:1607.00915;%%"
}

@article{amcat,
      author         = "Alwall, J. and Frederix, R. and Frixione, S. and Hirschi,
                        V. and Maltoni, F. and Mattelaer, O. and Shao, H. -S. and
                        Stelzer, T. and Torrielli, P. and Zaro, M.",
      title          = "{The automated computation of tree-level and
                        next-to-leading order differential cross sections, and
                        their matching to parton shower simulations}",
      journal        = "JHEP",
      volume         = "07",
      year           = "2014",
      pages          = "079",
      doi            = "10.1007/JHEP07(2014)079",
      eprint         = "1405.0301",
      archivePrefix  = "arXiv",
      primaryClass   = "hep-ph",
      reportNumber   = "CERN-PH-TH-2014-064, CP3-14-18, LPN14-066, MCNET-14-09,
                        ZU-TH-14-14",
      SLACcitation   = "%%CITATION = ARXIV:1405.0301;%%"
}


@Misc{CzakonMitov,
  author =       {M. Czakon and A. Mitov},
  title =        {NNLO+NNLL top-quark-pair cross sections},
  howpublished = {\url{https://twiki.cern.ch/twiki/bin/view/LHCPhysics/TtbarNNLO}},
  year =         {2013}
}

@Misc{CrossSectionsforCMS,
  title =        {Standard Model Cross Sections for CMS at 13 TeV},
  howpublished = {\url{https://twiki.cern.ch/twiki/bin/viewauth/CMS/StandardModelCrossSectionsat13TeV}}
}

@Misc{SUSYcrosssections,
  author =       {{LHC SUSY Cross Section Working Group}},
  title =        {stop/sbottom cross section with squarks and gluinos decoupled},
  howpublished = {\url{https://twiki.cern.ch/twiki/bin/view/LHCPhysics/SUSYCrossSections#Cross_sections_for_various_S_AN2}}
}

@Article{1742-6596-119-7-072001,
  author =   {A Afaq and A Dolgert and Y Guo and C Jones and S Kosyakov and V Kuznetsov and L Lueking and D Riley and V Sekhri},
  title =    {The CMS dataset bookkeeping service},
  journal =  {Journal of Physics: Conference Series},
  year =     {2008},
  volume =   {119},
  number =   {7},
  pages =    {072001},
  note =     {\url{http://stacks.iop.org/1742-6596/119/i=7/a=072001}},
  abstract = {The CMS Dataset Bookkeeping Service (DBS) has been developed to catalog all CMS event data from Monte Carlo and Detector sources. It provides the ability to identify MC or trigger source, track data provenance, construct datasets for analysis, and discover interesting data. CMS requires processing and analysis activities at various service levels and the DBS system provides support for localized processing or private analysis, as well as global access for CMS users at large. Catalog entries can be moved among the various service levels with a simple set of migration tools, thus forming a loose federation of databases. DBS is available to CMS users via a Python API, Command Line, and a Discovery web page interfaces. The system is built as a multi-tier web application with Java servlets running under Tomcat, with connections via JDBC to Oracle or MySQL database backends. Clients connect to the service through HTTP or HTTPS with authentication provided by GRID certificates and authorization through VOMS. DBS is an integral part of the overall CMS Data Management and Workflow Management systems.}
}

@article{Englert:1964et,
      author         = "Englert, F. and Brout, R.",
      title          = "{Broken Symmetry and the Mass of Gauge Vector Mesons}",
      journal        = "Phys. Rev. Lett.",
      volume         = "13",
      year           = "1964",
      pages          = "321-323",
      doi            = "10.1103/PhysRevLett.13.321",
      SLACcitation   = "%%CITATION = PRLTA,13,321;%%"
}
@article{Aad:2012tfa,
      author         = "Aad, Georges and others",
      title          = "{Observation of a new particle in the search for the
                        Standard Model Higgs boson with the ATLAS detector at the
                        LHC}",
      collaboration  = "ATLAS",
      journal        = "Phys. Lett.",
      volume         = "B716",
      year           = "2012",
      pages          = "1-29",
      doi            = "10.1016/j.physletb.2012.08.020",
      eprint         = "1207.7214",
      archivePrefix  = "arXiv",
      primaryClass   = "hep-ex",
      reportNumber   = "CERN-PH-EP-2012-218",
      SLACcitation   = "%%CITATION = ARXIV:1207.7214;%%"
}
@article{Clowe:2006eq,
      author         = "Clowe, Douglas and Bradac, Marusa and Gonzalez, Anthony
                        H. and Markevitch, Maxim and Randall, Scott W. and Jones,
                        Christine and Zaritsky, Dennis",
      title          = "{A direct empirical proof of the existence of dark
                        matter}",
      journal        = "Astrophys. J.",
      volume         = "648",
      year           = "2006",
      pages          = "L109-L113",
      doi            = "10.1086/508162",
      eprint         = "astro-ph/0608407",
      archivePrefix  = "arXiv",
      primaryClass   = "astro-ph",
      reportNumber   = "SLAC-PUB-12078",
      SLACcitation   = "%%CITATION = ASTRO-PH/0608407;%%"
}

@article{hierarch1,
  title = {Gauge-symmetry hierarchies},
  author = {Gildener, Eldad},
  journal = {Phys. Rev. D},
  volume = {14},
  issue = {6},
  pages = {1667--1672},
  numpages = {0},
  year = {1976},
  month = {Sep},
  publisher = {American Physical Society},
  doi = {10.1103/PhysRevD.14.1667},
  url = {http://link.aps.org/doi/10.1103/PhysRevD.14.1667}
}
@article{hierarch2,
title = "Gauge hierarchies",
journal = "Physics Letters B",
volume = "82",
number = "3",
pages = "387 - 391",
year = "1979",
note = "",
issn = "0370-2693",
doi = "http://dx.doi.org/10.1016/0370-2693(79)90248-X",
url = "http://www.sciencedirect.com/science/article/pii/037026937990248X",
author = "Steven Weinberg",

}

@article{cross_sm1,
  title = {Combining QCD and electroweak corrections to dilepton production in the framework of the FEWZ simulation code},
  author = {Li, Ye and Petriello, Frank},
  journal = {Phys. Rev. D},
  volume = {86},
  issue = {9},
  pages = {094034},
  numpages = {12},
  year = {2012},
  month = {Nov},
  publisher = {American Physical Society},
  doi = {10.1103/PhysRevD.86.094034},
  url = {http://link.aps.org/doi/10.1103/PhysRevD.86.094034}
}

@article{cross_sm2,
title = "Loops and Legs in Quantum Field Theory MCFM for the Tevatron and the LHC",
journal = "Nuclear Physics B - Proceedings Supplements",
volume = "205",
number = "",
pages = "10 - 15",
year = "2010",
note = "",
issn = "0920-5632",
doi = "http://dx.doi.org/10.1016/j.nuclphysbps.2010.08.011",
url = "http://www.sciencedirect.com/science/article/pii/S0920563210001945",
author = "J. Bl{\"u}mlein and S. Moch and T. Riemann and John M. Campbell and R.K. Ellis",

}

@article{ecal_aufloes,
      title         = "{2015 ECAL detector performance plots}",
      collaboration = "CMS Collaboration",
      month         = "Dec",
      year          = "2015",
      reportNumber  = "CMS-DP-2015-057",
      url           = "https://cds.cern.ch/record/2114735",
}
@techreport{cmsatlashiggstool,
      title         = "{Procedure for the LHC Higgs boson search combination in
                       Summer 2011}",
      institution   = "CERN",
      collaboration = "The ATLAS Collaboration, The CMS Collaboration, The LHC
                       Higgs Combination Group",
      address       = "Geneva",
      number        = "CMS-NOTE-2011-005. ATL-PHYS-PUB-2011-11",
      month         = "Aug",
      year          = "2011",
      reportNumber  = "CMS-NOTE-2011-005",
      url           = "https://cds.cern.ch/record/1379837",
}

@article{cls1,
      author         = "Junk, Thomas",
      title          = "{Confidence level computation for combining searches with
                        small statistics}",
      journal        = "Nucl. Instrum. Meth.",
      volume         = "A434",
      year           = "1999",
      pages          = "435-443",
      doi            = "10.1016/S0168-9002(99)00498-2",
      eprint         = "hep-ex/9902006",
      archivePrefix  = "arXiv",
      primaryClass   = "hep-ex",
      reportNumber   = "CARLETON-OPAL-PHYS-99-01, CERN-EP-99-041",
      SLACcitation   = "%%CITATION = HEP-EX/9902006;%%"
}
@article{cls2,
  author={A L Read},
  title={Presentation of search results: the CL s technique},
  journal={Journal of Physics G: Nuclear and Particle Physics},
  volume={28},
  number={10},
  pages={2693},
  url={http://stacks.iop.org/0954-3899/28/i=10/a=313},
  year={2002},
  abstract={I describe a framework for the presentation of search results which is motivated by frequentist statistics. The most well-known use of this framework is for the combined search for the Higgs boson at LEP. A toy neutrino oscillations experiment is used to illustrate the rich information available in the framework for exclusion and discovery. I argue that the so-called CL s technique for setting limits is appropriate for determining exclusion intervals while the determination of confidence intervals advocated by Feldman and Cousins' method is more appropriate for treating established signals, i.e. going beyond discovery to measurement. (From the workshop 'Advanced Statistical Techniques in Particle Physics', 18–22 March 2002)}
}

@article{susy12,
      author         = "CMS Collaboration",
      title          = "{Search for physics beyond the standard model in events
                        with two opposite-sign same-flavor leptons, jets, and
                        missing transverse energy in pp collisions at sqrt[s] = 8
                        TeV}",
      collaboration  = "CMS",
      year           = "2014",
      reportNumber   = "CMS-PAS-SUS-12-019",
      SLACcitation   = "%%CITATION = CMS-PAS-SUS-12-019;%%"
}